@book{piantadosi2005clinical,
	title={Clinical Trials: A Methodologic Perspective},
	author={Steven Piantadosi},
	edition={2nd},
	year={2005},
	publisher={John Wiley \& Sons},
    chapter={20}
}


@book{senn2002crossover,
	title={Cross-over Trials in Clinical Research},
	author={Stephen Senn},
	edition={2nd},
	year={2002},
	publisher={John Wiley \& Sons}
}

@book{jones2003design,
    title={Design and Analysis of Cross-Over Trials},
    author={Byron Jones and Michael G. Kenward},
    edition={2nd},
    year={2003},
    publisher={Chapman \& Hall}
}

@article{senn1990graphical,
	title={The graphical representation of clinical trials with particular reference to measurements over time},
	author={Stephen Senn and P. Auclair},
	journal={Statistics in Medicine},
	volume={9},
    issue={11},
	pages={1287--1302},
	year={1990}
}

@misc{peakflowrate2023,
 author = {Bradley W. DeVrieze and Pranav Modi and Al O. Giwa},
 publisher = {StatPearls Publishing},
 title = {Peak Flow Rate Measurement},
 url = {https://www.ncbi.nlm.nih.gov/books/NBK459325/#:~:text=Peak%20expiratory%20flow%20measurement%20(peak,is%20affordable%20and%20widely%20available.},
 urldate = {31.07.2024},
 year = {31.07.2023}
}

@article{lim2021considerations,
	title={Considerations for crossover design in clinical study},
	author={Chi-Yeon Lim and Junyong In},
	journal={Korean Journal of Anesthesiology},
	volume={74},
    issue={4},
	pages={293--299},
	year={2021}
}

@article{vetter2017descriptive,
	title={Descriptive Statistics: Reporting the Answers to the 5 Basic Questions of Who, What, Why, When, Where, and a Sixth, So What?},
	author={Thomas R. Vetter},
	journal={Anesthesia \& Analgesia},
	volume={125},
    issue={5},
	pages={1797--1802},
	year={2017}
}

@misc{mixedmodelsR,
 author = {Michael Clark},
 title = {Mixed Models with R},
 url = {https://m-clark.github.io/mixed-models-with-R/},
 urldate = {05.08.2024}
}

@article{wan2021statistical,
	title={Statistical analysis of two arm randomized pre-post designs with one post-treatment measurement},
	author={Fei Wan},
	journal={BMC Medical Research Methodology},
	volume={21},
	year={2021}
}

@article{mehrotra2014,
    author = {Devan V. Mehrotra},
    title = {A recommended analysis for 2x2 crossover trials with baseline measurements},
    journal = {Pharmaceutical Statistics},
    volume = {13},
    pages = {376--387},
    year = {2014}
}