@article{test,
	title={Cross-over Trials in Clinical Research},
	author={Senn},
	journal={Pattern Recognition},
	volume={40},
	number={6},
	pages={1816--1824},
	year={2007},
	publisher={Elsevier}
}

@book{piantadosi2005clinical,
	title={Clinical Trials: A Methodologic Perspective},
	author={Piantadosi, Steven},
	edition={2nd},
	year={2005},
	publisher={John Wiley \& Sons},
    chapter={20}
}


@book{senn2002crossover,
	title={Cross-over Trials in Clinical Research},
	author={Senn, Stephen},
	edition={2nd},
	year={2002},
	publisher={John Wiley \& Sons}
}



